<?xml version="1.0" encoding="UTF-8"?><record xmlns="http://www.loc.gov/MARC21/slim" xmlns:cinclude="http://apache.org/cocoon/include/1.0" xmlns:zs="http://www.loc.gov/zing/srw/">
  <leader>00455nz  a2200133n  4500</leader>
  <controlfield tag="001">no 95043946 </controlfield>
  <controlfield tag="003">DLC</controlfield>
  <controlfield tag="005">19950916055307.1</controlfield>
  <controlfield tag="008">950915n| acannaab|          |n ana     c</controlfield>
  <datafield tag="010" ind1=" " ind2=" ">
    <subfield code="a">no 95043946 </subfield>
  </datafield>
  <datafield tag="035" ind1=" " ind2=" ">
    <subfield code="a">(OCoLC)oca03919077 </subfield>
  </datafield>
  <datafield tag="040" ind1=" " ind2=" ">
    <subfield code="a">KU</subfield>
    <subfield code="c">KU</subfield>
  </datafield>
  <datafield tag="110" ind1="2" ind2="0">
    <subfield code="a">T︠S︡entr po izuchenii︠u︡ sot︠s︡ialʹno-trudovykh otnosheniĭ</subfield>
  </datafield>
  <datafield tag="670" ind1=" " ind2=" ">
    <subfield code="a">Shakhterskoe dvizhenie, 1992:</subfield>
    <subfield code="b">t.p. (T︠S︡entr po izuchenii︠u︡ sot︠s︡ialʹno-trudovykh otnosheniĭ)</subfield>
  </datafield>
</record>